@MISC{Polthier,
    author = {Konrad Polthier},
    title = {Computational Aspects of Discrete Minimal Surfaces},
    year = {2002}
}

@BOOK{Biggs,
    author = {Biggs N.},
    title = {Algebraic Graph Theory},
    publisher = {Cambridge University Press},
    year = {1993},
}

@book{Chung,
    author = {Chung F.R.K.},
    title = {Spectral Graph Theory},
    publisher = {American Mathimatical Society},
    year = {1997},
}

@ARTICLE{Pinkall93,
    author = {Ulrich Pinkall and Strasse Des Juni and Konrad Polthier},
    title = {Computing Discrete Minimal Surfaces and Their Conjugates},
    journal = {Experimental Mathematics},
    year = {1993},
    volume = {2},
    pages = {15--36}
}

@INPROCEEDINGS{Ohbuchi,
    author = {Ryutarou Ohbuchi Hiroo and Hiroo Ueda and Shuh Endoh},
    title = {Watermarking 2D Vector Maps in the Mesh-Spectral Domain},
    journal = {Proceedings of Shape Modeling International (SMI â€™03)},
    year = {2003},
    pages = {216--228},
    publisher = {IEEE Computer Society}
}

@article{Karni1,
  author = {Zachi Karni and Craig Gotsman},
  title = {Spectral Compression of Mesh Geometry},
  journal = {Siggraph 2000, Computer Graphics Proceedings},
  publisher = {ACM Press / ACM SIGGRAPH / Addison Wesley Longman},
  pages = {279--286},
  year = {2000}
}

@article{Karni2,
  author = {Zachi Karni and Craig Gotsman},
  title = {3D Mesh Compression Using Fixed Spectral Bases},
  journal = {Proceedings of Graphics Interface},
  pages = {1-8},
  year = {2001}
}

@inproceedings{Bazin,
 author = {Bazin, Cyril and Le Bars, Jean-Marie and Madelaine, Jacques},
 title = {A blind, fast and robust method for geographical data watermarking},
 booktitle = {ASIACCS '07: Proceedings of the 2nd ACM symposium on Information, computer and communications security},
 year = {2007},
 isbn = {1-59593-574-6},
 pages = {265--272},
 location = {Singapore},
 doi = {http://doi.acm.org/10.1145/1229285.1266992},
 publisher = {ACM},
 address = {New York, NY, USA},
 }

@inproceedings{Voight,
 author = {Voigt, Michael and Yang, Bian and Busch, Christoph},
 title = {Reversible watermarking of 2D-vector data},
 booktitle = {Proceedings of the 2004 workshop on Multimedia and security},
 year = {2004},
 isbn = {1-58113-854-7},
 pages = {160--165},
 location = {Magdeburg, Germany},
 doi = {http://doi.acm.org/10.1145/1022431.1022459},
 publisher = {ACM},
 address = {New~York, NY, USA},
 }

@article{Rippa,
  author = {Samuel Rippa},
  title = {Minimal roughness property of the Delaunay triangulation},
  year = {1990},
}

@inproceedings{Kim,
 author = {Kim, Jungyeop and Hong, Sungeon},
 title = {Development of digital watermarking technology to protect cadastral map information},
 booktitle = {ICIS '09: Proceedings of the 2nd International Conference on Interaction Sciences},
 year = {2009},
 isbn = {978-1-60558-710-3},
 pages = {923--929},
 location = {Seoul, Korea},
 doi = {http://doi.acm.org/10.1145/1655925.1656093},
 publisher = {ACM},
 address = {New York, NY, USA},
 }

@article{Chang,
    author = {ZHU, Chang-qing and YANG, Chang-song and Wang, Qi-Cheng},
    title = {A watermarking algorithm for vector geo-spatial data based on integer wavelet transform},
    journal = {The International Archives of the Photogrammetry, Remote Sensing and Spatial Information Sciences},    
    address = {Beijing},
    volume = {XXXVII, Part B4},
    month = {July},
    year = {2008}
}

@inproceedings{Ohbuchi3D,
 author = {Ohbuchi, Ryutarou and Takahashi, Shigeo and Miyazawa, Takahiko and Mukaiyama, Akio},
 title = {Watermarking 3D polygonal meshes in the mesh spectral domain},
 booktitle = {No description on Graphics interface 2001},
 series = {GRIN'01},
 year = {2001},
 isbn = {0-9688808-0-0},
 location = {Ottawa, Ontario, Canada},
 pages = {9--17},
 numpages = {9},
 url = {http://portal.acm.org/citation.cfm?id=780986.780989},
 acmid = {780989},
 publisher = {Canadian Information Processing Society},
 address = {Toronto, Ont., Canada, Canada},
 keywords = {geometric modeling, graph Laplacian, information hiding, information security, mesh spectra},
} 

@inproceedings{Praun,
 author = {Praun, Emil and Hoppe, Hugues and Finkelstein, Adam},
 title = {Robust mesh watermarking},
 booktitle = {Proceedings of the 26th annual conference on Computer graphics and interactive techniques},
 series = {SIGGRAPH '99},
 year = {1999},
 isbn = {0-201-48560-5},
 pages = {49--56},
 numpages = {8},
 url = {http://dx.doi.org/10.1145/311535.311540},
 doi = {http://dx.doi.org/10.1145/311535.311540},
 acmid = {311540},
 publisher = {ACM Press/Addison-Wesley Publishing Co.},
 address = {New York, NY, USA},
 keywords = {copyright protection, steganography},
} 


@article{Chen,
 author = {Chen, Renjie and Xu, Yin and Gotsman, Craig and Liu, Ligang},
 title = {A spectral characterization of the Delaunay triangulation},
 journal = {Comput. Aided Geom. Des.},
 volume = {27},
 number = {4},
 year = {2010},
 issn = {0167-8396},
 pages = {295--300},
 doi = {http://dx.doi.org/10.1016/j.cagd.2010.02.002},
 publisher = {Elsevier Science Publishers B. V.},
 address = {Amsterdam, The Netherlands, The Netherlands},
 }

@INPROCEEDINGS{Zhang,
    author = {Hao Zhang},
    title = {Discrete combinatorial Laplacian operators for digital geometry processing},
    booktitle = {SIAM Conference on Geometric Design},
    year = {2004},
    pages = {575--592},
}


