@ARTICLE{Pinkall93,
    author = {Ulrich Pinkall and Strasse Des Juni and Konrad Polthier},
    title = {Computing Discrete Minimal Surfaces and Their Conjugates},
    journal = {Experimental Mathematics},
    year = {1993},
    volume = {2},
    pages = {15--36}
}

@INPROCEEDINGS{Ohbuchi,
    author = {Ryutarou Ohbuchi Hiroo and Hiroo Ueda and Shuh Endoh},
    title = {Watermarking 2D Vector Maps in the Mesh-Spectral Domain},
    booktitle = {in Proc. Shape Modeling International (SMI ’03)},
    year = {2003},
    pages = {216--228},
    publisher = {IEEE Computer Society}
}

@inproceedings{Bazin,
 author = {Bazin, Cyril and Le Bars, Jean-Marie and Madelaine, Jacques},
 title = {A blind, fast and robust method for geographical data watermarking},
 booktitle = {ASIACCS '07: Proceedings of the 2nd ACM symposium on Information, computer and communications security},
 year = {2007},
 isbn = {1-59593-574-6},
 pages = {265--272},
 location = {Singapore},
 doi = {http://doi.acm.org/10.1145/1229285.1266992},
 publisher = {ACM},
 address = {New York, NY, USA},
 }

@inproceedings{Voight,
 author = {Voigt, Michael and Yang, Bian and Busch, Christoph},
 title = {Reversible watermarking of 2D-vector data},
 booktitle = {MM\&\#38;Sec '04: Proceedings of the 2004 workshop on Multimedia and security},
 year = {2004},
 isbn = {1-58113-854-7},
 pages = {160--165},
 location = {Magdeburg, Germany},
 doi = {http://doi.acm.org/10.1145/1022431.1022459},
 publisher = {ACM},
 address = {New York, NY, USA},
 }

@article{Rippa,
  author = {Samuel Rippa},
  title = {Minimal roughness property of the Delaunay triangulation},
  year = {1990},
}

@inproceedings{Kim,
 author = {Kim, Jungyeop and Hong, Sungeon},
 title = {Development of digital watermarking technology to protect cadastral map information},
 booktitle = {ICIS '09: Proceedings of the 2nd International Conference on Interaction Sciences},
 year = {2009},
 isbn = {978-1-60558-710-3},
 pages = {923--929},
 location = {Seoul, Korea},
 doi = {http://doi.acm.org/10.1145/1655925.1656093},
 publisher = {ACM},
 address = {New York, NY, USA},
 }

@article{Chang,
    author = {Chang-qing, ZHU and Chang-song, YANG and Qi-Cheng, Wang},
    title = {A watermarking algorithm for vector geo-spatial data based on integer wavelet transform},
}

@article{Li,
    author = {Anbo, Li and Bingxian, Lin and Ying, Chen and Guonian, Lü}, 
    title = {Study on copyright authentification of GIS vector data based on zero-watermarking},
}

@electronic{Ross,
    abstract = {We give an overview of graph drawing techniques as discussed by Godsil/Royle, Koren and Pisanski/Shawe-Taylor. These techniques employ the eigenvectors of the Laplacian matrix to create an n-dimensional representation of an undirected graph.},
    author = {Ross, Elissa},
    citeulike-article-id = {6953908},
    citeulike-linkout-0 = {http://citeseerx.ist.psu.edu/viewdoc/summary?doi=10.1.1.94.1787},
    keywords = {drawing, graph, layout, spectral, visualisation},
    posted-at = {2010-04-05 14:43:12},
    priority = {2},
    title = {Spectral Graph Drawing: A Survey},
    url = {http://citeseerx.ist.psu.edu/viewdoc/summary?doi=10.1.1.94.1787},
    year = {2004}
}

@article{Chen,
 author = {Chen, Renjie and Xu, Yin and Gotsman, Craig and Liu, Ligang},
 title = {A spectral characterization of the Delaunay triangulation},
 journal = {Comput. Aided Geom. Des.},
 volume = {27},
 number = {4},
 year = {2010},
 issn = {0167-8396},
 pages = {295--300},
 doi = {http://dx.doi.org/10.1016/j.cagd.2010.02.002},
 publisher = {Elsevier Science Publishers B. V.},
 address = {Amsterdam, The Netherlands, The Netherlands},
 }

